%% This BibTeX bibliography file was created using BibDesk.
%% http://bibdesk.sourceforge.net/

%% Created for Robin Gueguen at 2018-09-04 16:48:31 +0200 


%% Saved with string encoding Unicode (UTF-8) 



@webpage{grasshopper,
	Date-Added = {2018-09-04 14:48:03 +0000},
	Date-Modified = {2018-09-04 14:48:31 +0000},
	Url = {https://www.grasshopper3d.com/forum/topics/acoustic-raytracer-buzz-plug-in}}

@book{jouhaneau,
	Author = {Jouhaneau, Jacques},
	Date-Added = {2018-09-04 14:41:04 +0000},
	Date-Modified = {2018-09-04 14:41:04 +0000},
	Publisher = {Conservatoire national des arts et m{\'e}tiers},
	Series = {Acoustique appliqu{\'e}e},
	Title = {Acoustique des salles et sonorisation},
	Volume = {3},
	Year = {1997}}

@conference{hautes_freq,
	Author = {E. Perrey-Debaina and M. Yanga and B. Nennigb and J.-D. Chazota},
	Booktitle = {CFA/VISHNO},
	Date-Added = {2018-09-04 14:41:04 +0000},
	Date-Modified = {2018-09-04 14:41:04 +0000},
	Title = {Approximation par ondes planes et son utilisation pour la m{\'e}thode des {\'e}l{\'e}ments finis},
	Year = {2016},
	Bdsk-File-1 = {YnBsaXN0MDDUAQIDBAUGJCVYJHZlcnNpb25YJG9iamVjdHNZJGFyY2hpdmVyVCR0b3ASAAGGoKgHCBMUFRYaIVUkbnVsbNMJCgsMDxJXTlMua2V5c1pOUy5vYmplY3RzViRjbGFzc6INDoACgAOiEBGABIAFgAdccmVsYXRpdmVQYXRoWWFsaWFzRGF0YV8QNS4uLy4uLy4uL0RvY3VtZW50cy9iaWJsaW8vUGFydDItYWNvdXN0aXF1ZS8wMDAyNjgucGRm0hcLGBlXTlMuZGF0YU8RAXwAAAAAAXwAAgAADE1hY2ludG9zaCBIRAAAAAAAAAAAAAAAAAAAAAAAAABCRAAB/////wowMDAyNjgucGRmAAAAAAAAAAAAAAAAAAAAAAAAAAAAAAAAAAAAAAAAAAAAAAAAAAAAAAAAAAAAAAAAAAAAAAD/////AAAAAAAAAAAAAAAAAAMABAAACiBjdQAAAAAAAAAAAAAAAAAQUGFydDItYWNvdXN0aXF1ZQACAEEvOlVzZXJzOnJvYmluZ3VlZ3VlbjpEb2N1bWVudHM6YmlibGlvOlBhcnQyLWFjb3VzdGlxdWU6MDAwMjY4LnBkZgAADgAWAAoAMAAwADAAMgA2ADgALgBwAGQAZgAPABoADABNAGEAYwBpAG4AdABvAHMAaAAgAEgARAASAD9Vc2Vycy9yb2Jpbmd1ZWd1ZW4vRG9jdW1lbnRzL2JpYmxpby9QYXJ0Mi1hY291c3RpcXVlLzAwMDI2OC5wZGYAABMAAS8AABUAAgAT//8AAIAG0hscHR5aJGNsYXNzbmFtZVgkY2xhc3Nlc11OU011dGFibGVEYXRhox0fIFZOU0RhdGFYTlNPYmplY3TSGxwiI1xOU0RpY3Rpb25hcnmiIiBfEA9OU0tleWVkQXJjaGl2ZXLRJidUcm9vdIABAAgAEQAaACMALQAyADcAQABGAE0AVQBgAGcAagBsAG4AcQBzAHUAdwCEAI4AxgDLANMCUwJVAloCZQJuAnwCgAKHApAClQKiAqUCtwK6Ar8AAAAAAAACAQAAAAAAAAAoAAAAAAAAAAAAAAAAAAACwQ==}}

@phdthesis{theseRobin,
	Author = {Robin Gueguen},
	Date-Added = {2018-04-30 09:16:45 +0000},
	Date-Modified = {2018-04-30 09:17:33 +0000},
	School = {Sorbonne Universit{\'e}},
	Title = {Virtualisation visuelle et auditive du th{\'e}{\^a}tre antique d'Orange},
	Year = {2018}}

@proceedings{cfa,
	Author = {Matthieu Aussal and Robin Gueguen},
	Date-Added = {2018-04-30 09:02:44 +0000},
	Date-Modified = {2018-04-30 09:38:20 +0000},
	Organization = {Congr{\`e}s Fran{\c c}ais d'Acoustique},
	Title = {GypsiLab, un nouvel outil d'auralisation par lancer de rayon},
	Year = {2018}}

@book{vitruve,
	Author = {M. Ch.-L. Maufras},
	Date-Added = {2018-04-24 08:50:56 +0000},
	Date-Modified = {2018-04-24 08:50:56 +0000},
	Publisher = {Panckoucke},
	Title = {Vitruve : De l'architecture},
	Volume = {V},
	Year = {1847},
	Bdsk-File-1 = {YnBsaXN0MDDUAQIDBAUGJCVYJHZlcnNpb25YJG9iamVjdHNZJGFyY2hpdmVyVCR0b3ASAAGGoKgHCBMUFRYaIVUkbnVsbNMJCgsMDxJXTlMua2V5c1pOUy5vYmplY3RzViRjbGFzc6INDoACgAOiEBGABIAFgAdccmVsYXRpdmVQYXRoWWFsaWFzRGF0YV8QXS4uLy4uLy4uL0RvY3VtZW50cy9iaWJsaW8vUGFydDEtYXJjaGVvL1ZpdHJ1dmUgOiBkZSBsJ0FyY2hpdGVjdHVyZSA6IGxpdnJlIDUgKHRyYWR1Y3Rpb24pLnBkZtIXCxgZV05TLmRhdGFPEQIgAAAAAAIgAAIAAAxNYWNpbnRvc2ggSEQAAAAAAAAAAAAAAAAAAAAAAAAAQkQAAf////8fVml0cnV2ZSAvIGRlIGwnQXJjI0ZGRkZGRkZGLnBkZgAAAAAAAAAAAAAAAAAAAAAAAAAAAAAAAAAAAAAAAAAA/////wAAAAAAAAAAAAAAAAADAAQAAAogY3UAAAAAAAAAAAAAAAAADFBhcnQxLWFyY2hlbwACAGkvOlVzZXJzOnJvYmluZ3VlZ3VlbjpEb2N1bWVudHM6YmlibGlvOlBhcnQxLWFyY2hlbzpWaXRydXZlIC8gZGUgbCdBcmNoaXRlY3R1cmUgLyBsaXZyZSA1ICh0cmFkdWN0aW9uKS5wZGYAAA4AbgA2AFYAaQB0AHIAdQB2AGUAIAAvACAAZABlACAAbAAnAEEAcgBjAGgAaQB0AGUAYwB0AHUAcgBlACAALwAgAGwAaQB2AHIAZQAgADUAIAAoAHQAcgBhAGQAdQBjAHQAaQBvAG4AKQAuAHAAZABmAA8AGgAMAE0AYQBjAGkAbgB0AG8AcwBoACAASABEABIAZ1VzZXJzL3JvYmluZ3VlZ3Vlbi9Eb2N1bWVudHMvYmlibGlvL1BhcnQxLWFyY2hlby9WaXRydXZlIDogZGUgbCdBcmNoaXRlY3R1cmUgOiBsaXZyZSA1ICh0cmFkdWN0aW9uKS5wZGYAABMAAS8AABUAAgAT//8AAIAG0hscHR5aJGNsYXNzbmFtZVgkY2xhc3Nlc11OU011dGFibGVEYXRhox0fIFZOU0RhdGFYTlNPYmplY3TSGxwiI1xOU0RpY3Rpb25hcnmiIiBfEA9OU0tleWVkQXJjaGl2ZXLRJidUcm9vdIABAAgAEQAaACMALQAyADcAQABGAE0AVQBgAGcAagBsAG4AcQBzAHUAdwCEAI4A7gDzAPsDHwMhAyYDMQM6A0gDTANTA1wDYQNuA3EDgwOGA4sAAAAAAAACAQAAAAAAAAAoAAAAAAAAAAAAAAAAAAADjQ==}}

@book{binaire,
	Author = {Donald Knuth},
	Date-Added = {2018-04-20 17:30:18 +0000},
	Date-Modified = {2018-04-20 17:31:56 +0000},
	Edition = {3-{\`e}me},
	Editor = {Addison-Wesley},
	Publisher = {Fundamental Algorithms},
	Title = {The Art of Computer Programming},
	Volume = {1},
	Year = {1997}}

@url{mmg,
	Author = {Charles Dapogny and C{\'e}cile Dobrzynski and Pascal Frey and Algiane Froehly},
	Date-Added = {2018-04-20 12:45:05 +0000},
	Date-Modified = {2018-04-20 12:50:21 +0000},
	Title = {mmg Github},
	Url = {https://github.com/MmgTools/mmg},
	Year = {2004},
	Bdsk-Url-1 = {https://github.com/MmgTools/mmg}}

@url{catt,
	Author = {CATT-Acoustic},
	Date-Added = {2018-04-20 10:19:19 +0000},
	Date-Modified = {2018-04-20 12:31:36 +0000},
	Title = {CATT-Acoustic webpage},
	Url = {http://www.catt.se/},
	Bdsk-Url-1 = {http://www.catt.se/}}

@proceedings{gypsilab,
	Address = {Le Havres},
	Author = {Matthieu Aussal and Fran{\c c}ois Alouges},
	Date-Added = {2018-04-16 13:42:50 +0000},
	Date-Modified = {2018-04-30 09:15:08 +0000},
	Publisher = {Actes du Congr{\`e}s Fran{\c c}ais d'Acoustique},
	Title = {GypsiLab, un nouvel outil de calcul FEM/BEM pour l'acoustique num{\'e}rique.},
	Url = {https://github.com/matthieuaussal/gypsilab},
	Year = {2018},
	Bdsk-Url-1 = {https://github.com/matthieuaussal/gypsilab}}

@misc{myBino,
	Author = {Fran{\c c}ois Salmon AND Matthieu Aussal AND {\'E}tienne Hendrickx AND Jean-Christophe Messonnier and Laurent Millot},
	Date-Added = {2018-04-05 15:42:19 +0000},
	Date-Modified = {2018-04-05 15:46:11 +0000},
	Howpublished = {Audio Engineering Society},
	Month = {Octobre},
	Title = {Optimization of interactive binaural processing},
	Year = {2017},
	Bdsk-File-1 = {YnBsaXN0MDDUAQIDBAUGJCVYJHZlcnNpb25YJG9iamVjdHNZJGFyY2hpdmVyVCR0b3ASAAGGoKgHCBMUFRYaIVUkbnVsbNMJCgsMDxJXTlMua2V5c1pOUy5vYmplY3RzViRjbGFzc6INDoACgAOiEBGABIAFgAdccmVsYXRpdmVQYXRoWWFsaWFzRGF0YV8QYC4uLy4uLy4uL0RvY3VtZW50cy9iaWJsaW8vUGFydDItYWNvdXN0aXF1ZS9PcHRpbWl6YXRpb25fb2ZfaW50ZXJhY3RpdmVfYmluYXVyYWxfcHJvY2Vzc2luZy0zLnBkZtIXCxgZV05TLmRhdGFPEQImAAAAAAImAAIAAAxNYWNpbnRvc2ggSEQAAAAAAAAAAAAAAAAAAAAAAAAAQkQAAf////8fT3B0aW1pemF0aW9uX29mX2luI0ZGRkZGRkZGLnBkZgAAAAAAAAAAAAAAAAAAAAAAAAAAAAAAAAAAAAAAAAAA/////wAAAAAAAAAAAAAAAAADAAQAAAogY3UAAAAAAAAAAAAAAAAAEFBhcnQyLWFjb3VzdGlxdWUAAgBsLzpVc2Vyczpyb2Jpbmd1ZWd1ZW46RG9jdW1lbnRzOmJpYmxpbzpQYXJ0Mi1hY291c3RpcXVlOk9wdGltaXphdGlvbl9vZl9pbnRlcmFjdGl2ZV9iaW5hdXJhbF9wcm9jZXNzaW5nLTMucGRmAA4AbAA1AE8AcAB0AGkAbQBpAHoAYQB0AGkAbwBuAF8AbwBmAF8AaQBuAHQAZQByAGEAYwB0AGkAdgBlAF8AYgBpAG4AYQB1AHIAYQBsAF8AcAByAG8AYwBlAHMAcwBpAG4AZwAtADMALgBwAGQAZgAPABoADABNAGEAYwBpAG4AdABvAHMAaAAgAEgARAASAGpVc2Vycy9yb2Jpbmd1ZWd1ZW4vRG9jdW1lbnRzL2JpYmxpby9QYXJ0Mi1hY291c3RpcXVlL09wdGltaXphdGlvbl9vZl9pbnRlcmFjdGl2ZV9iaW5hdXJhbF9wcm9jZXNzaW5nLTMucGRmABMAAS8AABUAAgAT//8AAIAG0hscHR5aJGNsYXNzbmFtZVgkY2xhc3Nlc11OU011dGFibGVEYXRhox0fIFZOU0RhdGFYTlNPYmplY3TSGxwiI1xOU0RpY3Rpb25hcnmiIiBfEA9OU0tleWVkQXJjaGl2ZXLRJidUcm9vdIABAAgAEQAaACMALQAyADcAQABGAE0AVQBgAGcAagBsAG4AcQBzAHUAdwCEAI4A8QD2AP4DKAMqAy8DOgNDA1EDVQNcA2UDagN3A3oDjAOPA5QAAAAAAAACAQAAAAAAAAAoAAAAAAAAAAAAAAAAAAADlg==}}

@article{sources-images,
	Author = {Lothar Cremer and Helmut A. M{\"u}ller},
	Date-Added = {2018-03-29 09:37:07 +0000},
	Date-Modified = {2018-03-29 09:38:04 +0000},
	Journal = {Applied Science Publishers},
	Title = {Principles and applications of room acoustics},
	Volume = {1},
	Year = {1982}}

@url{acouphile,
	Author = {acouphile.fr},
	Date-Added = {2018-03-28 15:12:51 +0000},
	Date-Modified = {2018-03-28 15:13:16 +0000},
	Urldate = {http://www.acouphile.fr/materiaux.html}}

@article{greengard,
	Author = {L. Grenngard AND V. Rokhlin},
	Date-Added = {2018-03-20 15:43:07 +0000},
	Date-Modified = {2018-03-20 15:45:35 +0000},
	Journal = {Journal of computational physics},
	Number = {2},
	Pages = {325-348},
	Title = {A Fast Algorithm for Particle Simulations},
	Volume = {73},
	Year = {1987},
	Bdsk-File-1 = {YnBsaXN0MDDUAQIDBAUGJCVYJHZlcnNpb25YJG9iamVjdHNZJGFyY2hpdmVyVCR0b3ASAAGGoKgHCBMUFRYaIVUkbnVsbNMJCgsMDxJXTlMua2V5c1pOUy5vYmplY3RzViRjbGFzc6INDoACgAOiEBGABIAFgAdccmVsYXRpdmVQYXRoWWFsaWFzRGF0YV8QQC4uLy4uLy4uL0RvY3VtZW50cy9iaWJsaW8vUGFydDItYWNvdXN0aXF1ZS9ncmVlbmdhcmQtcm9raGxpbi5wZGbSFwsYGVdOUy5kYXRhTxEBpgAAAAABpgACAAAMTWFjaW50b3NoIEhEAAAAAAAAAAAAAAAAAAAAAAAAAEJEAAH/////FWdyZWVuZ2FyZC1yb2tobGluLnBkZgAAAAAAAAAAAAAAAAAAAAAAAAAAAAAAAAAAAAAAAAAAAAAAAAAAAAAAAP////8AAAAAAAAAAAAAAAAAAwAEAAAKIGN1AAAAAAAAAAAAAAAAABBQYXJ0Mi1hY291c3RpcXVlAAIATC86VXNlcnM6cm9iaW5ndWVndWVuOkRvY3VtZW50czpiaWJsaW86UGFydDItYWNvdXN0aXF1ZTpncmVlbmdhcmQtcm9raGxpbi5wZGYADgAsABUAZwByAGUAZQBuAGcAYQByAGQALQByAG8AawBoAGwAaQBuAC4AcABkAGYADwAaAAwATQBhAGMAaQBuAHQAbwBzAGgAIABIAEQAEgBKVXNlcnMvcm9iaW5ndWVndWVuL0RvY3VtZW50cy9iaWJsaW8vUGFydDItYWNvdXN0aXF1ZS9ncmVlbmdhcmQtcm9raGxpbi5wZGYAEwABLwAAFQACABP//wAAgAbSGxwdHlokY2xhc3NuYW1lWCRjbGFzc2VzXU5TTXV0YWJsZURhdGGjHR8gVk5TRGF0YVhOU09iamVjdNIbHCIjXE5TRGljdGlvbmFyeaIiIF8QD05TS2V5ZWRBcmNoaXZlctEmJ1Ryb290gAEACAARABoAIwAtADIANwBAAEYATQBVAGAAZwBqAGwAbgBxAHMAdQB3AIQAjgDRANYA3gKIAooCjwKaAqMCsQK1ArwCxQLKAtcC2gLsAu8C9AAAAAAAAAIBAAAAAAAAACgAAAAAAAAAAAAAAAAAAAL2}}

@article{eyring,
	Author = {Carl F. Eyring},
	Date-Added = {2018-03-16 11:28:04 +0000},
	Date-Modified = {2018-04-05 08:00:03 +0000},
	Journal = {Journal of the Acoustical Society of America},
	Number = {2A},
	Pages = {217-241},
	Title = {Reverberation time in "dead" rooms},
	Volume = {1},
	Year = {1930}}

@misc{sabine2,
	Author = {P.E Sabine},
	Date-Added = {2018-03-16 11:12:58 +0000},
	Date-Modified = {2018-03-16 11:16:41 +0000},
	Title = {Acoustics and architecture},
	Year = {1932}}

@article{diffusion,
	Author = {Michael Vorl{\"a}ndera AND Eckard Mommertz},
	Date-Added = {2018-03-16 09:05:53 +0000},
	Date-Modified = {2018-03-16 09:07:08 +0000},
	Journal = {Applied Acoustics},
	Pages = {187-199},
	Title = {Definition and measurement of random-incidence scattering coefficients},
	Volume = {60},
	Year = {2000},
	Bdsk-File-1 = {YnBsaXN0MDDUAQIDBAUGJCVYJHZlcnNpb25YJG9iamVjdHNZJGFyY2hpdmVyVCR0b3ASAAGGoKgHCBMUFRYaIVUkbnVsbNMJCgsMDxJXTlMua2V5c1pOUy5vYmplY3RzViRjbGFzc6INDoACgAOiEBGABIAFgAdccmVsYXRpdmVQYXRoWWFsaWFzRGF0YV8QUy4uLy4uLy4uL0RvY3VtZW50cy9iaWJsaW8vUGFydDItYWNvdXN0aXF1ZS8yMDAwQXBwbGllZEFjb3VzdGljc1ZvcmxuZGVyTW9tbWVydHoucGRm0hcLGBlXTlMuZGF0YU8RAfQAAAAAAfQAAgAADE1hY2ludG9zaCBIRAAAAAAAAAAAAAAAAAAAAAAAAABCRAAB/////x8yMDAwQXBwbGllZEFjb3VzdGkjRkZGRkZGRkYucGRmAAAAAAAAAAAAAAAAAAAAAAAAAAAAAAAAAAAAAAAAAAD/////AAAAAAAAAAAAAAAAAAMABAAACiBjdQAAAAAAAAAAAAAAAAAQUGFydDItYWNvdXN0aXF1ZQACAF8vOlVzZXJzOnJvYmluZ3VlZ3VlbjpEb2N1bWVudHM6YmlibGlvOlBhcnQyLWFjb3VzdGlxdWU6MjAwMEFwcGxpZWRBY291c3RpY3NWb3JsbmRlck1vbW1lcnR6LnBkZgAADgBSACgAMgAwADAAMABBAHAAcABsAGkAZQBkAEEAYwBvAHUAcwB0AGkAYwBzAFYAbwByAGwAbgBkAGUAcgBNAG8AbQBtAGUAcgB0AHoALgBwAGQAZgAPABoADABNAGEAYwBpAG4AdABvAHMAaAAgAEgARAASAF1Vc2Vycy9yb2Jpbmd1ZWd1ZW4vRG9jdW1lbnRzL2JpYmxpby9QYXJ0Mi1hY291c3RpcXVlLzIwMDBBcHBsaWVkQWNvdXN0aWNzVm9ybG5kZXJNb21tZXJ0ei5wZGYAABMAAS8AABUAAgAT//8AAIAG0hscHR5aJGNsYXNzbmFtZVgkY2xhc3Nlc11OU011dGFibGVEYXRhox0fIFZOU0RhdGFYTlNPYmplY3TSGxwiI1xOU0RpY3Rpb25hcnmiIiBfEA9OU0tleWVkQXJjaGl2ZXLRJidUcm9vdIABAAgAEQAaACMALQAyADcAQABGAE0AVQBgAGcAagBsAG4AcQBzAHUAdwCEAI4A5ADpAPEC6QLrAvAC+wMEAxIDFgMdAyYDKwM4AzsDTQNQA1UAAAAAAAACAQAAAAAAAAAoAAAAAAAAAAAAAAAAAAADVw==}}

@book{raytracing,
	Author = {Andrzej Kulowski},
	Date-Added = {2018-03-15 10:40:00 +0000},
	Date-Modified = {2018-03-15 10:41:29 +0000},
	Publisher = {Applied Acoustics},
	Title = {Algorithmic representation of the ray tracing technique},
	Volume = {18},
	Year = {1985},
	Bdsk-File-1 = {YnBsaXN0MDDUAQIDBAUGJCVYJHZlcnNpb25YJG9iamVjdHNZJGFyY2hpdmVyVCR0b3ASAAGGoKgHCBMUFRYaIVUkbnVsbNMJCgsMDxJXTlMua2V5c1pOUy5vYmplY3RzViRjbGFzc6INDoACgAOiEBGABIAFgAdccmVsYXRpdmVQYXRoWWFsaWFzRGF0YV8QYC4uLy4uLy4uL0RvY3VtZW50cy9iaWJsaW8vUGFydDItYWNvdXN0aXF1ZS9BbGdvcml0aG1pY1JlcHJlc2VudGF0aW9ub2Z0aGVSYXlUcmFjaW5nVGVjaG5pcXVlLnBkZtIXCxgZV05TLmRhdGFPEQImAAAAAAImAAIAAAxNYWNpbnRvc2ggSEQAAAAAAAAAAAAAAAAAAAAAAAAAQkQAAf////8fQWxnb3JpdGhtaWNSZXByZXNlI0ZGRkZGRkZGLnBkZgAAAAAAAAAAAAAAAAAAAAAAAAAAAAAAAAAAAAAAAAAA/////wAAAAAAAAAAAAAAAAADAAQAAAogY3UAAAAAAAAAAAAAAAAAEFBhcnQyLWFjb3VzdGlxdWUAAgBsLzpVc2Vyczpyb2Jpbmd1ZWd1ZW46RG9jdW1lbnRzOmJpYmxpbzpQYXJ0Mi1hY291c3RpcXVlOkFsZ29yaXRobWljUmVwcmVzZW50YXRpb25vZnRoZVJheVRyYWNpbmdUZWNobmlxdWUucGRmAA4AbAA1AEEAbABnAG8AcgBpAHQAaABtAGkAYwBSAGUAcAByAGUAcwBlAG4AdABhAHQAaQBvAG4AbwBmAHQAaABlAFIAYQB5AFQAcgBhAGMAaQBuAGcAVABlAGMAaABuAGkAcQB1AGUALgBwAGQAZgAPABoADABNAGEAYwBpAG4AdABvAHMAaAAgAEgARAASAGpVc2Vycy9yb2Jpbmd1ZWd1ZW4vRG9jdW1lbnRzL2JpYmxpby9QYXJ0Mi1hY291c3RpcXVlL0FsZ29yaXRobWljUmVwcmVzZW50YXRpb25vZnRoZVJheVRyYWNpbmdUZWNobmlxdWUucGRmABMAAS8AABUAAgAT//8AAIAG0hscHR5aJGNsYXNzbmFtZVgkY2xhc3Nlc11OU011dGFibGVEYXRhox0fIFZOU0RhdGFYTlNPYmplY3TSGxwiI1xOU0RpY3Rpb25hcnmiIiBfEA9OU0tleWVkQXJjaGl2ZXLRJidUcm9vdIABAAgAEQAaACMALQAyADcAQABGAE0AVQBgAGcAagBsAG4AcQBzAHUAdwCEAI4A8QD2AP4DKAMqAy8DOgNDA1EDVQNcA2UDagN3A3oDjAOPA5QAAAAAAAACAQAAAAAAAAAoAAAAAAAAAAAAAAAAAAADlg==}}

@misc{CEI,
	Author = {CEI},
	Date-Added = {2018-03-14 16:13:16 +0000},
	Date-Modified = {2018-03-14 16:15:49 +0000},
	Howpublished = {Vocabulaire {\'e}lectrotechnique international},
	Title = {EC 60050},
	Year = {2015}}

@url{aquaterra,
	Author = {AquaTerra},
	Date-Added = {2018-03-14 16:01:54 +0000},
	Date-Modified = {2018-03-15 09:09:27 +0000},
	Title = {Encyclop{\'e}die du gabion},
	Urldate = {http://www.gabions.fr/page/235/1--comment-fonctionne-un-ecran-antibruit-ou-barriere-antibruit--.htm}}

@book{alembert,
	Author = {Jean Le Rond D'Alembert},
	Date-Added = {2018-03-14 15:12:05 +0000},
	Date-Modified = {2018-03-14 15:34:51 +0000},
	Publisher = {Histoire de l'Acad{\'e}mie des Sciences et Belles-Lettre de Berlin},
	Title = {Recherches sur la courbe que forme une corde tendue mise en vibration},
	Year = {1747}}

@phdthesis{fem-bem,
	Author = {Eric Premat},
	Date-Added = {2018-03-14 09:38:03 +0000},
	Date-Modified = {2018-04-20 12:33:03 +0000},
	School = {L'Institut National des Sciences Appliqu{\'e}es de Lyon},
	Title = {Prise en compte d'effets m{\'e}t{\'e}orologiques dans une m{\'e}thode d'{\'e}l{\'e}ments finis de fronti{\`e}re},
	Year = {2000},
	Bdsk-File-1 = {YnBsaXN0MDDUAQIDBAUGJCVYJHZlcnNpb25YJG9iamVjdHNZJGFyY2hpdmVyVCR0b3ASAAGGoKgHCBMUFRYaIVUkbnVsbNMJCgsMDxJXTlMua2V5c1pOUy5vYmplY3RzViRjbGFzc6INDoACgAOiEBGABIAFgAdccmVsYXRpdmVQYXRoWWFsaWFzRGF0YV8QMi4uLy4uLy4uL0RvY3VtZW50cy9iaWJsaW8vUGFydDItYWNvdXN0aXF1ZS9CRU0ucGRm0hcLGBlXTlMuZGF0YU8RAW4AAAAAAW4AAgAADE1hY2ludG9zaCBIRAAAAAAAAAAAAAAAAAAAAAAAAABCRAAB/////wdCRU0ucGRmAAAAAAAAAAAAAAAAAAAAAAAAAAAAAAAAAAAAAAAAAAAAAAAAAAAAAAAAAAAAAAAAAAAAAAAAAAD/////AAAAAAAAAAAAAAAAAAMABAAACiBjdQAAAAAAAAAAAAAAAAAQUGFydDItYWNvdXN0aXF1ZQACAD4vOlVzZXJzOnJvYmluZ3VlZ3VlbjpEb2N1bWVudHM6YmlibGlvOlBhcnQyLWFjb3VzdGlxdWU6QkVNLnBkZgAOABAABwBCAEUATQAuAHAAZABmAA8AGgAMAE0AYQBjAGkAbgB0AG8AcwBoACAASABEABIAPFVzZXJzL3JvYmluZ3VlZ3Vlbi9Eb2N1bWVudHMvYmlibGlvL1BhcnQyLWFjb3VzdGlxdWUvQkVNLnBkZgATAAEvAAAVAAIAE///AACABtIbHB0eWiRjbGFzc25hbWVYJGNsYXNzZXNdTlNNdXRhYmxlRGF0YaMdHyBWTlNEYXRhWE5TT2JqZWN00hscIiNcTlNEaWN0aW9uYXJ5oiIgXxAPTlNLZXllZEFyY2hpdmVy0SYnVHJvb3SAAQAIABEAGgAjAC0AMgA3AEAARgBNAFUAYABnAGoAbABuAHEAcwB1AHcAhACOAMMAyADQAkICRAJJAlQCXQJrAm8CdgJ/AoQCkQKUAqYCqQKuAAAAAAAAAgEAAAAAAAAAKAAAAAAAAAAAAAAAAAAAArA=}}

@phdthesis{jot,
	Author = {Jean Marc Jot},
	Date-Added = {2018-03-14 09:33:24 +0000},
	Date-Modified = {2018-03-14 09:36:31 +0000},
	School = {Telecom Paris},
	Title = {Etude et R{\'e}alisation d'un Spatialisateur de Sons par Mod{\`e}les Physique et Perceptifs},
	Year = {1992}}

@article{partition,
	Address = {Paris},
	Author = {Eric Battenberg AND Rimas Avizienis},
	Date-Added = {2018-03-01 13:27:36 +0000},
	Date-Modified = {2018-03-02 00:49:11 +0000},
	Journal = {DAFx-11},
	Month = {Septembre},
	Organization = {Conference on Digital Audio Effects (DAFx-11)},
	Title = {Implementing real-time partitioned convolution algorithms on conventional operating systems},
	Year = {2011},
	Bdsk-File-1 = {YnBsaXN0MDDUAQIDBAUGJCVYJHZlcnNpb25YJG9iamVjdHNZJGFyY2hpdmVyVCR0b3ASAAGGoKgHCBMUFRYaIVUkbnVsbNMJCgsMDxJXTlMua2V5c1pOUy5vYmplY3RzViRjbGFzc6INDoACgAOiEBGABIAFgAdccmVsYXRpdmVQYXRoWWFsaWFzRGF0YV8QSC4uLy4uLy4uL0RvY3VtZW50cy9iaWJsaW8vUGFydDItYWNvdXN0aXF1ZS90cmFpdGVtZW50IGR1IHNpZ25hbC9tYWluLnBkZtIXCxgZV05TLmRhdGFPEQGgAAAAAAGgAAIAAAxNYWNpbnRvc2ggSEQAAAAAAAAAAAAAAAAAAAAAAAAAQkQAAf////8IbWFpbi5wZGYAAAAAAAAAAAAAAAAAAAAAAAAAAAAAAAAAAAAAAAAAAAAAAAAAAAAAAAAAAAAAAAAAAAAAAAAA/////wAAAAAAAAAAAAAAAAADAAUAAAogY3UAAAAAAAAAAAAAAAAAFHRyYWl0ZW1lbnQgZHUgc2lnbmFsAAIAVC86VXNlcnM6cm9iaW5ndWVndWVuOkRvY3VtZW50czpiaWJsaW86UGFydDItYWNvdXN0aXF1ZTp0cmFpdGVtZW50IGR1IHNpZ25hbDptYWluLnBkZgAOABIACABtAGEAaQBuAC4AcABkAGYADwAaAAwATQBhAGMAaQBuAHQAbwBzAGgAIABIAEQAEgBSVXNlcnMvcm9iaW5ndWVndWVuL0RvY3VtZW50cy9iaWJsaW8vUGFydDItYWNvdXN0aXF1ZS90cmFpdGVtZW50IGR1IHNpZ25hbC9tYWluLnBkZgATAAEvAAAVAAIAE///AACABtIbHB0eWiRjbGFzc25hbWVYJGNsYXNzZXNdTlNNdXRhYmxlRGF0YaMdHyBWTlNEYXRhWE5TT2JqZWN00hscIiNcTlNEaWN0aW9uYXJ5oiIgXxAPTlNLZXllZEFyY2hpdmVy0SYnVHJvb3SAAQAIABEAGgAjAC0AMgA3AEAARgBNAFUAYABnAGoAbABuAHEAcwB1AHcAhACOANkA3gDmAooCjAKRApwCpQKzArcCvgLHAswC2QLcAu4C8QL2AAAAAAAAAgEAAAAAAAAAKAAAAAAAAAAAAAAAAAAAAvg=}}

@url{cone,
	Author = {Wikip{\'e}dia},
	Date-Added = {2018-02-21 14:45:24 +0000},
	Date-Modified = {2018-02-21 14:49:14 +0000},
	Title = {Angle solide},
	Url = {https://fr.wikipedia.org/wiki/Angle_solide},
	Bdsk-Url-1 = {https://fr.wikipedia.org/wiki/Angle_solide}}

@article{mcgovern,
	Author = {Stephen McGovern},
	Date-Added = {2018-02-12 16:55:35 +0000},
	Date-Modified = {2018-02-12 16:56:36 +0000},
	Journal = {Applied Acoustics},
	Month = {Janvier},
	Number = {1},
	Title = {Fast image method for impulse response calculations of box-shaped rooms},
	Volume = {70},
	Year = {2009},
	Bdsk-File-1 = {YnBsaXN0MDDUAQIDBAUGJCVYJHZlcnNpb25YJG9iamVjdHNZJGFyY2hpdmVyVCR0b3ASAAGGoKgHCBMUFRYaIVUkbnVsbNMJCgsMDxJXTlMua2V5c1pOUy5vYmplY3RzViRjbGFzc6INDoACgAOiEBGABIAFgAdccmVsYXRpdmVQYXRoWWFsaWFzRGF0YV8QRi4uLy4uLy4uL0RvY3VtZW50cy9iaWJsaW8vUGFydDItYWNvdXN0aXF1ZS9GYXN0SW1hZ2VNZXRob2RQcmVwcmludC5wZGbSFwsYGVdOUy5kYXRhTxEBvgAAAAABvgACAAAMTWFjaW50b3NoIEhEAAAAAAAAAAAAAAAAAAAAAAAAAEJEAAH/////G0Zhc3RJbWFnZU1ldGhvZFByZXByaW50LnBkZgAAAAAAAAAAAAAAAAAAAAAAAAAAAAAAAAAAAAAAAAAAAAAAAP////8AAAAAAAAAAAAAAAAAAwAEAAAKIGN1AAAAAAAAAAAAAAAAABBQYXJ0Mi1hY291c3RpcXVlAAIAUi86VXNlcnM6cm9iaW5ndWVndWVuOkRvY3VtZW50czpiaWJsaW86UGFydDItYWNvdXN0aXF1ZTpGYXN0SW1hZ2VNZXRob2RQcmVwcmludC5wZGYADgA4ABsARgBhAHMAdABJAG0AYQBnAGUATQBlAHQAaABvAGQAUAByAGUAcAByAGkAbgB0AC4AcABkAGYADwAaAAwATQBhAGMAaQBuAHQAbwBzAGgAIABIAEQAEgBQVXNlcnMvcm9iaW5ndWVndWVuL0RvY3VtZW50cy9iaWJsaW8vUGFydDItYWNvdXN0aXF1ZS9GYXN0SW1hZ2VNZXRob2RQcmVwcmludC5wZGYAEwABLwAAFQACABP//wAAgAbSGxwdHlokY2xhc3NuYW1lWCRjbGFzc2VzXU5TTXV0YWJsZURhdGGjHR8gVk5TRGF0YVhOU09iamVjdNIbHCIjXE5TRGljdGlvbmFyeaIiIF8QD05TS2V5ZWRBcmNoaXZlctEmJ1Ryb290gAEACAARABoAIwAtADIANwBAAEYATQBVAGAAZwBqAGwAbgBxAHMAdQB3AIQAjgDXANwA5AKmAqgCrQK4AsECzwLTAtoC4wLoAvUC+AMKAw0DEgAAAAAAAAIBAAAAAAAAACgAAAAAAAAAAAAAAAAAAAMU}}

@article{badouel,
	Author = {Didier Badouel},
	Date-Added = {2018-02-08 09:37:55 +0000},
	Date-Modified = {2018-02-08 09:40:47 +0000},
	Journal = {Graphics Gems},
	Title = {An Efficient Ray-Polygon Intersection},
	Year = {1990}}

@article{arenberg,
	Author = {Jeff Arenberg},
	Date-Added = {2018-02-08 09:36:22 +0000},
	Date-Modified = {2018-02-08 09:37:37 +0000},
	Journal = {Ray Tracing News},
	Number = {11},
	Title = {Ray/Triangle Intersection with barycentric Coordinates},
	Volume = {1},
	Year = {1988}}

@article{moller,
	Author = {Tomas M{\"o}ller and Ben Trumbore},
	Date-Added = {2018-02-07 15:49:24 +0000},
	Date-Modified = {2018-02-07 15:50:44 +0000},
	Journal = {Journal of Graphics Tools},
	Number = {1},
	Pages = {21-28},
	Title = {Fast, minimum storage ray-triangle intersection},
	Volume = {2},
	Year = {1997},
	Bdsk-File-1 = {YnBsaXN0MDDUAQIDBAUGJCVYJHZlcnNpb25YJG9iamVjdHNZJGFyY2hpdmVyVCR0b3ASAAGGoKgHCBMUFRYaIVUkbnVsbNMJCgsMDxJXTlMua2V5c1pOUy5vYmplY3RzViRjbGFzc6INDoACgAOiEBGABIAFgAdccmVsYXRpdmVQYXRoWWFsaWFzRGF0YV8QMy4uLy4uLy4uL0RvY3VtZW50cy9iaWJsaW8vUGFydDItYWNvdXN0aXF1ZS9NVDk3LnBkZtIXCxgZV05TLmRhdGFPEQF0AAAAAAF0AAIAAAxNYWNpbnRvc2ggSEQAAAAAAAAAAAAAAAAAAAAAAAAAQkQAAf////8ITVQ5Ny5wZGYAAAAAAAAAAAAAAAAAAAAAAAAAAAAAAAAAAAAAAAAAAAAAAAAAAAAAAAAAAAAAAAAAAAAAAAAA/////wAAAAAAAAAAAAAAAAADAAQAAAogY3UAAAAAAAAAAAAAAAAAEFBhcnQyLWFjb3VzdGlxdWUAAgA/LzpVc2Vyczpyb2Jpbmd1ZWd1ZW46RG9jdW1lbnRzOmJpYmxpbzpQYXJ0Mi1hY291c3RpcXVlOk1UOTcucGRmAAAOABIACABNAFQAOQA3AC4AcABkAGYADwAaAAwATQBhAGMAaQBuAHQAbwBzAGgAIABIAEQAEgA9VXNlcnMvcm9iaW5ndWVndWVuL0RvY3VtZW50cy9iaWJsaW8vUGFydDItYWNvdXN0aXF1ZS9NVDk3LnBkZgAAEwABLwAAFQACABP//wAAgAbSGxwdHlokY2xhc3NuYW1lWCRjbGFzc2VzXU5TTXV0YWJsZURhdGGjHR8gVk5TRGF0YVhOU09iamVjdNIbHCIjXE5TRGljdGlvbmFyeaIiIF8QD05TS2V5ZWRBcmNoaXZlctEmJ1Ryb290gAEACAARABoAIwAtADIANwBAAEYATQBVAGAAZwBqAGwAbgBxAHMAdQB3AIQAjgDEAMkA0QJJAksCUAJbAmQCcgJ2An0ChgKLApgCmwKtArACtQAAAAAAAAIBAAAAAAAAACgAAAAAAAAAAAAAAAAAAAK3}}

@article{AABB,
	Author = {Amy Williams AND Steve Barrus AND R.Keith Morley AND Peter Shirley},
	Date-Added = {2018-02-07 10:03:19 +0000},
	Date-Modified = {2018-02-07 10:07:19 +0000},
	Journal = {ACM SIGGRAPH},
	Number = {9},
	Title = {An Efficient and Robust Ray--Box Intersection Algorithm},
	Year = {2005},
	Bdsk-File-1 = {YnBsaXN0MDDUAQIDBAUGJCVYJHZlcnNpb25YJG9iamVjdHNZJGFyY2hpdmVyVCR0b3ASAAGGoKgHCBMUFRYaIVUkbnVsbNMJCgsMDxJXTlMua2V5c1pOUy5vYmplY3RzViRjbGFzc6INDoACgAOiEBGABIAFgAdccmVsYXRpdmVQYXRoWWFsaWFzRGF0YV8QNi4uLy4uLy4uL0RvY3VtZW50cy9iaWJsaW8vUGFydDItYWNvdXN0aXF1ZS9ib3gtamd0LnBkZtIXCxgZV05TLmRhdGFPEQF+AAAAAAF+AAIAAAxNYWNpbnRvc2ggSEQAAAAAAAAAAAAAAAAAAAAAAAAAQkQAAf////8LYm94LWpndC5wZGYAAAAAAAAAAAAAAAAAAAAAAAAAAAAAAAAAAAAAAAAAAAAAAAAAAAAAAAAAAAAAAAAAAAAA/////wAAAAAAAAAAAAAAAAADAAQAAAogY3UAAAAAAAAAAAAAAAAAEFBhcnQyLWFjb3VzdGlxdWUAAgBCLzpVc2Vyczpyb2Jpbmd1ZWd1ZW46RG9jdW1lbnRzOmJpYmxpbzpQYXJ0Mi1hY291c3RpcXVlOmJveC1qZ3QucGRmAA4AGAALAGIAbwB4AC0AagBnAHQALgBwAGQAZgAPABoADABNAGEAYwBpAG4AdABvAHMAaAAgAEgARAASAEBVc2Vycy9yb2Jpbmd1ZWd1ZW4vRG9jdW1lbnRzL2JpYmxpby9QYXJ0Mi1hY291c3RpcXVlL2JveC1qZ3QucGRmABMAAS8AABUAAgAT//8AAIAG0hscHR5aJGNsYXNzbmFtZVgkY2xhc3Nlc11OU011dGFibGVEYXRhox0fIFZOU0RhdGFYTlNPYmplY3TSGxwiI1xOU0RpY3Rpb25hcnmiIiBfEA9OU0tleWVkQXJjaGl2ZXLRJidUcm9vdIABAAgAEQAaACMALQAyADcAQABGAE0AVQBgAGcAagBsAG4AcQBzAHUAdwCEAI4AxwDMANQCVgJYAl0CaAJxAn8CgwKKApMCmAKlAqgCugK9AsIAAAAAAAACAQAAAAAAAAAoAAAAAAAAAAAAAAAAAAACxA==}}

@book{octree,
	Author = {Donald Meagher},
	Date-Added = {2018-02-07 08:33:19 +0000},
	Date-Modified = {2018-02-07 08:36:04 +0000},
	Month = {Avril},
	Number = {27},
	Publisher = {Image processing laboratory},
	Title = {Octree Generation, Analysis and Manipulation},
	Volume = {TR},
	Year = {1982},
	Bdsk-File-1 = {YnBsaXN0MDDUAQIDBAUGJCVYJHZlcnNpb25YJG9iamVjdHNZJGFyY2hpdmVyVCR0b3ASAAGGoKgHCBMUFRYaIVUkbnVsbNMJCgsMDxJXTlMua2V5c1pOUy5vYmplY3RzViRjbGFzc6INDoACgAOiEBGABIAFgAdccmVsYXRpdmVQYXRoWWFsaWFzRGF0YV8QOS4uLy4uLy4uL0RvY3VtZW50cy9iaWJsaW8vUGFydDItYWNvdXN0aXF1ZS9JUEwtVFItMDI3LnBkZtIXCxgZV05TLmRhdGFPEQGMAAAAAAGMAAIAAAxNYWNpbnRvc2ggSEQAAAAAAAAAAAAAAAAAAAAAAAAAQkQAAf////8OSVBMLVRSLTAyNy5wZGYAAAAAAAAAAAAAAAAAAAAAAAAAAAAAAAAAAAAAAAAAAAAAAAAAAAAAAAAAAAAAAAAA/////wAAAAAAAAAAAAAAAAADAAQAAAogY3UAAAAAAAAAAAAAAAAAEFBhcnQyLWFjb3VzdGlxdWUAAgBFLzpVc2Vyczpyb2Jpbmd1ZWd1ZW46RG9jdW1lbnRzOmJpYmxpbzpQYXJ0Mi1hY291c3RpcXVlOklQTC1UUi0wMjcucGRmAAAOAB4ADgBJAFAATAAtAFQAUgAtADAAMgA3AC4AcABkAGYADwAaAAwATQBhAGMAaQBuAHQAbwBzAGgAIABIAEQAEgBDVXNlcnMvcm9iaW5ndWVndWVuL0RvY3VtZW50cy9iaWJsaW8vUGFydDItYWNvdXN0aXF1ZS9JUEwtVFItMDI3LnBkZgAAEwABLwAAFQACABP//wAAgAbSGxwdHlokY2xhc3NuYW1lWCRjbGFzc2VzXU5TTXV0YWJsZURhdGGjHR8gVk5TRGF0YVhOU09iamVjdNIbHCIjXE5TRGljdGlvbmFyeaIiIF8QD05TS2V5ZWRBcmNoaXZlctEmJ1Ryb290gAEACAARABoAIwAtADIANwBAAEYATQBVAGAAZwBqAGwAbgBxAHMAdQB3AIQAjgDKAM8A1wJnAmkCbgJ5AoICkAKUApsCpAKpArYCuQLLAs4C0wAAAAAAAAIBAAAAAAAAACgAAAAAAAAAAAAAAAAAAALV}}

@article{fibonacci,
	Author = {Benjamin Keinert AND Matthias Innmann AND Michael Sanger AND Marc Stamminger},
	Date-Added = {2018-02-06 15:54:19 +0000},
	Date-Modified = {2018-02-06 15:57:08 +0000},
	Journal = {ACM Transactions on Graphics},
	Month = {November},
	Title = {Spherical Fibonacci Mapping},
	Volume = {34},
	Year = {2015},
	Bdsk-File-1 = {YnBsaXN0MDDUAQIDBAUGJCVYJHZlcnNpb25YJG9iamVjdHNZJGFyY2hpdmVyVCR0b3ASAAGGoKgHCBMUFRYaIVUkbnVsbNMJCgsMDxJXTlMua2V5c1pOUy5vYmplY3RzViRjbGFzc6INDoACgAOiEBGABIAFgAdccmVsYXRpdmVQYXRoWWFsaWFzRGF0YV8QTi4uLy4uLy4uL0RvY3VtZW50cy9iaWJsaW8vUGFydDItYWNvdXN0aXF1ZS9zcGhlcmljYWxfZmlib25hY2NpX21hcHBpbmdfb3B0LnBkZtIXCxgZV05TLmRhdGFPEQHeAAAAAAHeAAIAAAxNYWNpbnRvc2ggSEQAAAAAAAAAAAAAAAAAAAAAAAAAQkQAAf////8fc3BoZXJpY2FsX2ZpYm9uYWNjI0ZGRkZGRkZGLnBkZgAAAAAAAAAAAAAAAAAAAAAAAAAAAAAAAAAAAAAAAAAA/////wAAAAAAAAAAAAAAAAADAAQAAAogY3UAAAAAAAAAAAAAAAAAEFBhcnQyLWFjb3VzdGlxdWUAAgBaLzpVc2Vyczpyb2Jpbmd1ZWd1ZW46RG9jdW1lbnRzOmJpYmxpbzpQYXJ0Mi1hY291c3RpcXVlOnNwaGVyaWNhbF9maWJvbmFjY2lfbWFwcGluZ19vcHQucGRmAA4ASAAjAHMAcABoAGUAcgBpAGMAYQBsAF8AZgBpAGIAbwBuAGEAYwBjAGkAXwBtAGEAcABwAGkAbgBnAF8AbwBwAHQALgBwAGQAZgAPABoADABNAGEAYwBpAG4AdABvAHMAaAAgAEgARAASAFhVc2Vycy9yb2Jpbmd1ZWd1ZW4vRG9jdW1lbnRzL2JpYmxpby9QYXJ0Mi1hY291c3RpcXVlL3NwaGVyaWNhbF9maWJvbmFjY2lfbWFwcGluZ19vcHQucGRmABMAAS8AABUAAgAT//8AAIAG0hscHR5aJGNsYXNzbmFtZVgkY2xhc3Nlc11OU011dGFibGVEYXRhox0fIFZOU0RhdGFYTlNPYmplY3TSGxwiI1xOU0RpY3Rpb25hcnmiIiBfEA9OU0tleWVkQXJjaGl2ZXLRJidUcm9vdIABAAgAEQAaACMALQAyADcAQABGAE0AVQBgAGcAagBsAG4AcQBzAHUAdwCEAI4A3wDkAOwCzgLQAtUC4ALpAvcC+wMCAwsDEAMdAyADMgM1AzoAAAAAAAACAQAAAAAAAAAoAAAAAAAAAAAAAAAAAAADPA==}}

@misc{iso,
	Author = {ISO-9613-1},
	Date-Added = {2018-01-31 10:07:52 +0000},
	Date-Modified = {2018-02-01 10:05:23 +0000},
	Title = {Acoustics - Attenuation of sound during propagation outdoors},
	Year = {1993}}

@url{odeon,
	Author = {Odeon},
	Date-Added = {2018-01-30 14:19:19 +0000},
	Date-Modified = {2018-01-30 14:20:30 +0000},
	Title = {Odeon webpage},
	Url = {https://odeon.dk/},
	Bdsk-Url-1 = {https://odeon.dk/}}

@misc{angle_solide,
	Author = {Habib M'Henni},
	Date-Added = {2017-12-21 12:20:55 +0000},
	Date-Modified = {2018-04-20 12:32:50 +0000},
	Howpublished = {Wikip{\'e}dia},
	Title = {L'angle solide correspond {\`a} un c{\^o}ne de r{\'e}volution d'angle au sommet inscrit dans la sph{\`e}re de projection},
	Url = {https://fr.wikipedia.org/wiki/Angle_solide},
	Year = {2010},
	Bdsk-Url-1 = {https://fr.wikipedia.org/wiki/Angle_solide}}

@article{beamtracing,
	Author = {Funkhouser, Thomas AND Tsingos, Nicolas AND Carlbom, Ingrid AND Elko, Gary AND Sondhi, Mohan AND West, James E. AND Pingali, Gopal AND Min, Patrick AND Ngan, Addy},
	Date-Added = {2017-12-19 14:51:16 +0000},
	Date-Modified = {2017-12-19 14:56:44 +0000},
	Journal = {Acoustical Society of America},
	Month = {F{\'e}vrier},
	Number = {115},
	Pages = {739--756},
	Title = {A beam tracing method for interactive architectural acoustics},
	Year = {2004},
	Bdsk-File-1 = {YnBsaXN0MDDUAQIDBAUGJCVYJHZlcnNpb25YJG9iamVjdHNZJGFyY2hpdmVyVCR0b3ASAAGGoKgHCBMUFRYaIVUkbnVsbNMJCgsMDxJXTlMua2V5c1pOUy5vYmplY3RzViRjbGFzc6INDoACgAOiEBGABIAFgAdccmVsYXRpdmVQYXRoWWFsaWFzRGF0YV8Qay4uLy4uLy4uL0RvY3VtZW50cy9iaWJsaW8vUGFydDItYWNvdXN0aXF1ZS9hIGJlYW0gdHJhY2luZyBtZXRob2QgZm9yIGludGVyYWN0aXZlIGFyY2hpdGVjdHVhbCBhY291c3RpY3MucGRm0hcLGBlXTlMuZGF0YU8RAlQAAAAAAlQAAgAADE1hY2ludG9zaCBIRAAAAAAAAAAAAAAAAAAAAAAAAABCRAAB/////x9hIGJlYW0gdHJhY2luZyBtZXQjRkZGRkZGRkYucGRmAAAAAAAAAAAAAAAAAAAAAAAAAAAAAAAAAAAAAAAAAAD/////AAAAAAAAAAAAAAAAAAMABAAACiBjdQAAAAAAAAAAAAAAAAAQUGFydDItYWNvdXN0aXF1ZQACAHcvOlVzZXJzOnJvYmluZ3VlZ3VlbjpEb2N1bWVudHM6YmlibGlvOlBhcnQyLWFjb3VzdGlxdWU6YSBiZWFtIHRyYWNpbmcgbWV0aG9kIGZvciBpbnRlcmFjdGl2ZSBhcmNoaXRlY3R1YWwgYWNvdXN0aWNzLnBkZgAADgCCAEAAYQAgAGIAZQBhAG0AIAB0AHIAYQBjAGkAbgBnACAAbQBlAHQAaABvAGQAIABmAG8AcgAgAGkAbgB0AGUAcgBhAGMAdABpAHYAZQAgAGEAcgBjAGgAaQB0AGUAYwB0AHUAYQBsACAAYQBjAG8AdQBzAHQAaQBjAHMALgBwAGQAZgAPABoADABNAGEAYwBpAG4AdABvAHMAaAAgAEgARAASAHVVc2Vycy9yb2Jpbmd1ZWd1ZW4vRG9jdW1lbnRzL2JpYmxpby9QYXJ0Mi1hY291c3RpcXVlL2EgYmVhbSB0cmFjaW5nIG1ldGhvZCBmb3IgaW50ZXJhY3RpdmUgYXJjaGl0ZWN0dWFsIGFjb3VzdGljcy5wZGYAABMAAS8AABUAAgAT//8AAIAG0hscHR5aJGNsYXNzbmFtZVgkY2xhc3Nlc11OU011dGFibGVEYXRhox0fIFZOU0RhdGFYTlNPYmplY3TSGxwiI1xOU0RpY3Rpb25hcnmiIiBfEA9OU0tleWVkQXJjaGl2ZXLRJidUcm9vdIABAAgAEQAaACMALQAyADcAQABGAE0AVQBgAGcAagBsAG4AcQBzAHUAdwCEAI4A/AEBAQkDYQNjA2gDcwN8A4oDjgOVA54DowOwA7MDxQPIA80AAAAAAAACAQAAAAAAAAAoAAAAAAAAAAAAAAAAAAADzw==}}

@phdthesis{BEM,
	Author = {Aussal, Matthieu},
	Date-Added = {2017-12-19 14:46:27 +0000},
	Date-Modified = {2017-12-19 14:49:26 +0000},
	School = {Ecole Polytechnique},
	Title = {M{\'e}thodes num{\'e}riques pour la spatialisation sonore, de la simulation {\`a} la synth{\`e}se binaurale},
	Year = {2014},
	Bdsk-File-1 = {YnBsaXN0MDDUAQIDBAUGJCVYJHZlcnNpb25YJG9iamVjdHNZJGFyY2hpdmVyVCR0b3ASAAGGoKgHCBMUFRYaIVUkbnVsbNMJCgsMDxJXTlMua2V5c1pOUy5vYmplY3RzViRjbGFzc6INDoACgAOiEBGABIAFgAdccmVsYXRpdmVQYXRoWWFsaWFzRGF0YV8QPi4uLy4uLy4uL0RvY3VtZW50cy9iaWJsaW8vUGFydDItYWNvdXN0aXF1ZS9BdXNzYWxQaGRUaGVzaXMucGRm0hcLGBlXTlMuZGF0YU8RAZ4AAAAAAZ4AAgAADE1hY2ludG9zaCBIRAAAAAAAAAAAAAAAAAAAAAAAAABCRAAB/////xNBdXNzYWxQaGRUaGVzaXMucGRmAAAAAAAAAAAAAAAAAAAAAAAAAAAAAAAAAAAAAAAAAAAAAAAAAAAAAAAAAAD/////AAAAAAAAAAAAAAAAAAMABAAACiBjdQAAAAAAAAAAAAAAAAAQUGFydDItYWNvdXN0aXF1ZQACAEovOlVzZXJzOnJvYmluZ3VlZ3VlbjpEb2N1bWVudHM6YmlibGlvOlBhcnQyLWFjb3VzdGlxdWU6QXVzc2FsUGhkVGhlc2lzLnBkZgAOACgAEwBBAHUAcwBzAGEAbABQAGgAZABUAGgAZQBzAGkAcwAuAHAAZABmAA8AGgAMAE0AYQBjAGkAbgB0AG8AcwBoACAASABEABIASFVzZXJzL3JvYmluZ3VlZ3Vlbi9Eb2N1bWVudHMvYmlibGlvL1BhcnQyLWFjb3VzdGlxdWUvQXVzc2FsUGhkVGhlc2lzLnBkZgATAAEvAAAVAAIAE///AACABtIbHB0eWiRjbGFzc25hbWVYJGNsYXNzZXNdTlNNdXRhYmxlRGF0YaMdHyBWTlNEYXRhWE5TT2JqZWN00hscIiNcTlNEaWN0aW9uYXJ5oiIgXxAPTlNLZXllZEFyY2hpdmVy0SYnVHJvb3SAAQAIABEAGgAjAC0AMgA3AEAARgBNAFUAYABnAGoAbABuAHEAcwB1AHcAhACOAM8A1ADcAn4CgAKFApACmQKnAqsCsgK7AsACzQLQAuIC5QLqAAAAAAAAAgEAAAAAAAAAKAAAAAAAAAAAAAAAAAAAAuw=}}

@book{sabine,
	Author = {Sabine, Wallace C},
	Date-Added = {2017-12-18 13:45:08 +0000},
	Date-Modified = {2017-12-18 13:46:50 +0000},
	Publisher = {Reprints of the American Architect},
	Title = {Architectural Acoustics},
	Volume = {Part I. Reverberation},
	Year = {1900},
	Bdsk-File-1 = {YnBsaXN0MDDUAQIDBAUGJCVYJHZlcnNpb25YJG9iamVjdHNZJGFyY2hpdmVyVCR0b3ASAAGGoKgHCBMUFRYaIVUkbnVsbNMJCgsMDxJXTlMua2V5c1pOUy5vYmplY3RzViRjbGFzc6INDoACgAOiEBGABIAFgAdccmVsYXRpdmVQYXRoWWFsaWFzRGF0YV8QSC4uLy4uLy4uL0RvY3VtZW50cy9iaWJsaW8vUGFydDItYWNvdXN0aXF1ZS9hanAtanBoeXN0YXBfMTkwMV8xMF8zOF8wLnBkZtIXCxgZV05TLmRhdGFPEQHGAAAAAAHGAAIAAAxNYWNpbnRvc2ggSEQAAAAAAAAAAAAAAAAAAAAAAAAAQkQAAf////8dYWpwLWpwaHlzdGFwXzE5MDFfMTBfMzhfMC5wZGYAAAAAAAAAAAAAAAAAAAAAAAAAAAAAAAAAAAAAAAAAAAAA/////wAAAAAAAAAAAAAAAAADAAQAAAogY3UAAAAAAAAAAAAAAAAAEFBhcnQyLWFjb3VzdGlxdWUAAgBULzpVc2Vyczpyb2Jpbmd1ZWd1ZW46RG9jdW1lbnRzOmJpYmxpbzpQYXJ0Mi1hY291c3RpcXVlOmFqcC1qcGh5c3RhcF8xOTAxXzEwXzM4XzAucGRmAA4APAAdAGEAagBwAC0AagBwAGgAeQBzAHQAYQBwAF8AMQA5ADAAMQBfADEAMABfADMAOABfADAALgBwAGQAZgAPABoADABNAGEAYwBpAG4AdABvAHMAaAAgAEgARAASAFJVc2Vycy9yb2Jpbmd1ZWd1ZW4vRG9jdW1lbnRzL2JpYmxpby9QYXJ0Mi1hY291c3RpcXVlL2FqcC1qcGh5c3RhcF8xOTAxXzEwXzM4XzAucGRmABMAAS8AABUAAgAT//8AAIAG0hscHR5aJGNsYXNzbmFtZVgkY2xhc3Nlc11OU011dGFibGVEYXRhox0fIFZOU0RhdGFYTlNPYmplY3TSGxwiI1xOU0RpY3Rpb25hcnmiIiBfEA9OU0tleWVkQXJjaGl2ZXLRJidUcm9vdIABAAgAEQAaACMALQAyADcAQABGAE0AVQBgAGcAagBsAG4AcQBzAHUAdwCEAI4A2QDeAOYCsAKyArcCwgLLAtkC3QLkAu0C8gL/AwIDFAMXAxwAAAAAAAACAQAAAAAAAAAoAAAAAAAAAAAAAAAAAAADHg==}}

@mastersthesis{Kandelman,
	Author = {Mika{\"e}l Kandelman},
	Date-Added = {2017-12-18 13:36:08 +0000},
	Date-Modified = {2017-12-18 13:37:55 +0000},
	School = {Ecole Nationale Sup{\'e}rieur Louis-Lumi{\`e}re},
	Title = {Simulation acoustique par la m{\'e}thode des sources images},
	Year = {2007},
	Bdsk-File-1 = {YnBsaXN0MDDUAQIDBAUGJCVYJHZlcnNpb25YJG9iamVjdHNZJGFyY2hpdmVyVCR0b3ASAAGGoKgHCBMUFRYaIVUkbnVsbNMJCgsMDxJXTlMua2V5c1pOUy5vYmplY3RzViRjbGFzc6INDoACgAOiEBGABIAFgAdccmVsYXRpdmVQYXRoWWFsaWFzRGF0YV8QRS4uLy4uLy4uL0RvY3VtZW50cy9iaWJsaW8vUGFydDItYWNvdXN0aXF1ZS9LYW5kZWxtYW4tc29uLTIwMDctbWVtLnBkZtIXCxgZV05TLmRhdGFPEQG8AAAAAAG8AAIAAAxNYWNpbnRvc2ggSEQAAAAAAAAAAAAAAAAAAAAAAAAAQkQAAf////8aS2FuZGVsbWFuLXNvbi0yMDA3LW1lbS5wZGYAAAAAAAAAAAAAAAAAAAAAAAAAAAAAAAAAAAAAAAAAAAAAAAAA/////wAAAAAAAAAAAAAAAAADAAQAAAogY3UAAAAAAAAAAAAAAAAAEFBhcnQyLWFjb3VzdGlxdWUAAgBRLzpVc2Vyczpyb2Jpbmd1ZWd1ZW46RG9jdW1lbnRzOmJpYmxpbzpQYXJ0Mi1hY291c3RpcXVlOkthbmRlbG1hbi1zb24tMjAwNy1tZW0ucGRmAAAOADYAGgBLAGEAbgBkAGUAbABtAGEAbgAtAHMAbwBuAC0AMgAwADAANwAtAG0AZQBtAC4AcABkAGYADwAaAAwATQBhAGMAaQBuAHQAbwBzAGgAIABIAEQAEgBPVXNlcnMvcm9iaW5ndWVndWVuL0RvY3VtZW50cy9iaWJsaW8vUGFydDItYWNvdXN0aXF1ZS9LYW5kZWxtYW4tc29uLTIwMDctbWVtLnBkZgAAEwABLwAAFQACABP//wAAgAbSGxwdHlokY2xhc3NuYW1lWCRjbGFzc2VzXU5TTXV0YWJsZURhdGGjHR8gVk5TRGF0YVhOU09iamVjdNIbHCIjXE5TRGljdGlvbmFyeaIiIF8QD05TS2V5ZWRBcmNoaXZlctEmJ1Ryb290gAEACAARABoAIwAtADIANwBAAEYATQBVAGAAZwBqAGwAbgBxAHMAdQB3AIQAjgDWANsA4wKjAqUCqgK1Ar4CzALQAtcC4ALlAvIC9QMHAwoDDwAAAAAAAAIBAAAAAAAAACgAAAAAAAAAAAAAAAAAAAMR}}

@booklet{picaut,
	Address = {Laboratoire Central des Ponts et Chauss{\'e}es, Centre de Nantes},
	Author = {Picaut, Judica{\"e}l},
	Date-Added = {2017-12-18 13:31:03 +0000},
	Date-Modified = {2017-12-18 13:34:27 +0000},
	Howpublished = {CAHIER TH{\'E}MATIQUE : M{\'E}THODES NUM{\'E}RIQUES EN G{\'E}NIE CIVIL},
	Month = {Octobre, Novembre, D{\'e}cembre},
	Title = {Application num{\'e}rique du concept de particules sonores {\`a} la mod{\'e}lisation des champs sonores en acoustique architecturale},
	Year = {2005},
	Bdsk-File-1 = {YnBsaXN0MDDUAQIDBAUGJCVYJHZlcnNpb25YJG9iamVjdHNZJGFyY2hpdmVyVCR0b3ASAAGGoKgHCBMUFRYaIVUkbnVsbNMJCgsMDxJXTlMua2V5c1pOUy5vYmplY3RzViRjbGFzc6INDoACgAOiEBGABIAFgAdccmVsYXRpdmVQYXRoWWFsaWFzRGF0YV8QQi4uLy4uLy4uL0RvY3VtZW50cy9iaWJsaW8vUGFydDItYWNvdXN0aXF1ZS9ibHBjX18yNTgtMjU5XzU5LTg4LnBkZtIXCxgZV05TLmRhdGFPEQGuAAAAAAGuAAIAAAxNYWNpbnRvc2ggSEQAAAAAAAAAAAAAAAAAAAAAAAAAQkQAAf////8XYmxwY19fMjU4LTI1OV81OS04OC5wZGYAAAAAAAAAAAAAAAAAAAAAAAAAAAAAAAAAAAAAAAAAAAAAAAAAAAAA/////wAAAAAAAAAAAAAAAAADAAQAAAogY3UAAAAAAAAAAAAAAAAAEFBhcnQyLWFjb3VzdGlxdWUAAgBOLzpVc2Vyczpyb2Jpbmd1ZWd1ZW46RG9jdW1lbnRzOmJpYmxpbzpQYXJ0Mi1hY291c3RpcXVlOmJscGNfXzI1OC0yNTlfNTktODgucGRmAA4AMAAXAGIAbABwAGMAXwBfADIANQA4AC0AMgA1ADkAXwA1ADkALQA4ADgALgBwAGQAZgAPABoADABNAGEAYwBpAG4AdABvAHMAaAAgAEgARAASAExVc2Vycy9yb2Jpbmd1ZWd1ZW4vRG9jdW1lbnRzL2JpYmxpby9QYXJ0Mi1hY291c3RpcXVlL2JscGNfXzI1OC0yNTlfNTktODgucGRmABMAAS8AABUAAgAT//8AAIAG0hscHR5aJGNsYXNzbmFtZVgkY2xhc3Nlc11OU011dGFibGVEYXRhox0fIFZOU0RhdGFYTlNPYmplY3TSGxwiI1xOU0RpY3Rpb25hcnmiIiBfEA9OU0tleWVkQXJjaGl2ZXLRJidUcm9vdIABAAgAEQAaACMALQAyADcAQABGAE0AVQBgAGcAagBsAG4AcQBzAHUAdwCEAI4A0wDYAOACkgKUApkCpAKtArsCvwLGAs8C1ALhAuQC9gL5Av4AAAAAAAACAQAAAAAAAAAoAAAAAAAAAAAAAAAAAAADAA==}}

@misc{exactBound,
	Author = {Tavian Barnes},
	Howpublished = {\url{https://tavianator.com/exact-bounding-boxes-for-spheres-ellipsoids/}},
	Note = {[En ligne; dernier acc{\'e}s le 12 juillet 2016]},
	Title = {{Exact Bounding Boxes for Spheres/Ellipsoids}},
	Year = {2014}}
